% Encoding: UTF-8

@Book{Hamilton2006,
  author    = {William Rowan Hamilton},
  publisher = {London, Longmans, Green, \& co},
  title     = {Elements of quaternions},
  year      = {2006},
}

@Comment{jabref-meta: databaseType:bibtex;}
